<record><leader>00000cas a22000007a 4500</leader><controlfield tag="001">9335279</controlfield><controlfield tag="007">hd afu---bucu</controlfield><controlfield tag="008">830322d1908195uorudn neb     0    0jpn d</controlfield><datafield ind1=" " ind2=" " tag="010"><subfield code="a">sn 83045098 </subfield></datafield><datafield ind1=" " ind2=" " tag="040"><subfield code="a">CRL</subfield><subfield code="b">eng</subfield><subfield code="c">CRL</subfield><subfield code="d">NPW</subfield><subfield code="d">CRL</subfield><subfield code="d">OCLCQ</subfield><subfield code="d">WAU</subfield><subfield code="d">OCLCQ</subfield><subfield code="d">OCLCF</subfield><subfield code="d">OCLCO</subfield><subfield code="d">OCLCA</subfield><subfield code="d">OCL</subfield></datafield><datafield ind1=" " ind2=" " tag="066"><subfield code="c">$1</subfield></datafield><datafield ind1="1" ind2=" " tag="029"><subfield code="a">AU@</subfield><subfield code="b">000015765351</subfield></datafield><datafield ind1=" " ind2=" " tag="042"><subfield code="a">msc</subfield></datafield><datafield ind1=" " ind2=" " tag="043"><subfield code="a">n-us---</subfield><subfield code="a">n-us-or</subfield></datafield><datafield ind1="0" ind2="0" tag="245"><subfield code="6">880-01</subfield><subfield code="a">O&#772;shu&#772; nippo&#772;</subfield><subfield code="h">[microform] =</subfield><subfield code="b">The Oregon news.</subfield></datafield><datafield ind1="3" ind2="1" tag="246"><subfield code="a">Oregon news</subfield></datafield><datafield ind1=" " ind2=" " tag="260"><subfield code="a">Portland :</subfield><subfield code="b">Oregon News</subfield></datafield><datafield ind1=" " ind2=" " tag="300"><subfield code="a">v. :</subfield><subfield code="b">ill.</subfield></datafield><datafield ind1=" " ind2=" " tag="310"><subfield code="a">Daily (except Sunday)</subfield></datafield><datafield ind1="1" ind2=" " tag="362"><subfield code="a">Began in 1908.</subfield><subfield code="z">Cf. Zaibei Nihonjinshi.</subfield></datafield><datafield ind1=" " ind2=" " tag="546"><subfield code="a">In Japanese.</subfield></datafield><datafield ind1=" " ind2=" " tag="580"><subfield code="6">880-02</subfield><subfield code="a">Suspended 1942-1945; resumed publication as a mimeographed newspaper on 8 1/2 x 14 inch paper in 1945. The paper is thought to have ceased between 1952 and 1955, and was continued by the Oregon shu&#772;ho&#772; around 1973.</subfield></datafield><datafield ind1=" " ind2=" " tag="588"><subfield code="a">Description based on: Vol. 14, no. 285 (Dec. 7, 1917).</subfield></datafield><datafield ind1=" " ind2="0" tag="650"><subfield code="a">Japanese newspapers</subfield><subfield code="z">Oregon.</subfield></datafield><datafield ind1=" " ind2="0" tag="651"><subfield code="a">Portland (Or.)</subfield><subfield code="v">Newspapers.</subfield></datafield><datafield ind1=" " ind2="7" tag="655"><subfield code="a">Newspapers.</subfield><subfield code="2">fast</subfield><subfield code="0">(OCoLC)fst01423814</subfield></datafield><datafield ind1=" " ind2="7" tag="650"><subfield code="a">Japanese newspapers.</subfield><subfield code="2">fast</subfield><subfield code="0">(OCoLC)fst00981873</subfield></datafield><datafield ind1=" " ind2="7" tag="651"><subfield code="a">Oregon.</subfield><subfield code="2">fast</subfield><subfield code="0">(OCoLC)fst01204579</subfield></datafield><datafield ind1=" " ind2="7" tag="651"><subfield code="a">Oregon</subfield><subfield code="z">Portland.</subfield><subfield code="2">fast</subfield><subfield code="0">(OCoLC)fst01204325</subfield></datafield><datafield ind1=" " ind2=" " tag="752"><subfield code="a">United States</subfield><subfield code="b">Oregon</subfield><subfield code="c">Multnomah</subfield><subfield code="d">Portland.</subfield></datafield><datafield ind1="0" ind2="0" tag="780"><subfield code="6">880-03</subfield><subfield code="t">Oregon shinpo&#772;</subfield></datafield><datafield ind1="1" ind2="0" tag="785"><subfield code="6">880-04</subfield><subfield code="t">Oregon shu&#772;ho&#772;</subfield></datafield><datafield ind1="0" ind2="0" tag="880"><subfield code="6">245-01/$1</subfield><subfield code="a">&#22830;&#24030;&#26085;&#22577;</subfield><subfield code="h">[microform] =</subfield><subfield code="b">The Oregon news.</subfield></datafield><datafield ind1=" " ind2=" " tag="880"><subfield code="6">580-02/$1</subfield><subfield code="a">Suspended 1942-1945; resumed publication as a mimeographed newspaper on 8 1/2 x 14 inch paper in 1945. The paper is thought to have ceased between 1952 and 1955, and was continued by the &#12458;&#12524;&#12468;&#12531;&#36913;&#22577; around 1973.</subfield></datafield><datafield ind1="0" ind2="0" tag="880"><subfield code="6">780-03/$1</subfield><subfield code="t">&#12458;&#12524;&#12468;&#12531;&#26032;&#22577;</subfield></datafield><datafield ind1="1" ind2="0" tag="880"><subfield code="6">785-04/$1</subfield><subfield code="t">&#12458;&#12524;&#12468;&#12531;&#36913;&#22577;</subfield></datafield></record>